@book{ieee1990,
  title={IEEE Standard 610.12-1990: Standard Glossary of Software Engineering Terminology},
  author={{IEEE}},
  year={1990},
  publisher={IEEE},
  pages={1}
}

@book{hodges1983,
  title={Alan Turing: The Enigma},
  author={Hodges, Andrew},
  year={1983},
  publisher={Simon and Schuster},
  pages={43}
}

@book{beyer2009,
  title={Grace Hopper and the Invention of the Information Age},
  author={Beyer, Kurt W.},
  year={2009},
  publisher={MIT Press},
  pages={89}
}

@book{nato1968,
  title={NATO Software Engineering Conference Report},
  author={{NATO}},
  year={1968},
  publisher={NATO},
  pages={5}
}

@book{stroustrup1994,
  title={The Design and Evolution of C++},
  author={Stroustrup, Bjarne},
  year={1994},
  publisher={Addison-Wesley},
  pages={121}
}

@book{fowler1999,
  title={Refactoring: Improving the Design of Existing Code},
  author={Fowler, Martin},
  year={1999},
  publisher={Addison-Wesley},
  pages={3}
}

@book{oreilly2017,
  title={WTF? What's the Future and Why It's Up to Us},
  author={O'Reilly, Tim},
  year={2017},
  publisher={Harper Business},
  pages={5}
}

@article{crawford2018,
  title={Anatomy of an AI System},
  author={Crawford, Kate and Joler, Vladan},
  year={2018},
  journal={AI Now Institute},
  pages={56}
}

@book{zuboff2019,
  title={The Age of Surveillance Capitalism},
  author={Zuboff, Shoshana},
  year={2019},
  publisher={PublicAffairs},
  pages={48}
}

@book{quinn2020,
  title={Ethics for the Information Age},
  author={Quinn, Michael J.},
  year={2020},
  publisher={Pearson},
  pages={3}
}

@article{royce1970,
  title={Managing the Development of Large Software Systems: Concepts and Techniques},
  author={Royce, Winston W.},
  year={1970},
  journal={Proceedings of IEEE WESCON},
  pages={1-9}
}

@article{boehm1986,
  title={A Spiral Model of Software Development and Enhancement},
  author={Boehm, Barry W.},
  year={1986},
  journal={ACM SIGSOFT Software Engineering Notes},
  volume={11},
  number={4},
  pages={14-24}
}

@misc{beck2001,
  title={Manifesto for Agile Software Development},
  author={Beck, Kent and Beedle, Mike and Bennekum, Arie van and Cockburn, Alistair and Cunningham, Ward and Fowler, Martin and Grenning, James and Highsmith, Jim and Hunt, Andrew and Jeffries, Ron and Kern, Jon and Marick, Brian and Martin, Robert C. and Mellor, Steve and Schwaber, Ken and Sutherland, Jeff and Thomas, Dave},
  year={2001},
  howpublished={\url{https://agilemanifesto.org/}}
}
