@book{bookchin1991,
  author    = {Murray Bookchin},
  title     = {The Ecology of Freedom: The Emergence and Dissolution of Hierarchy},
  publisher = {Black Rose Books},
  year      = {1991}
}

@book{fakebook,
  author    = {peljfsd},
  title     = {dsljflsjdflsjda},
  publisher = {jsdlkfjlksjfd},
  year      = {2040}
  }